<record><leader>00000cas a22000007a 4500</leader><controlfield tag="001">9887426</controlfield><controlfield tag="008">830908d18491852nyudn ne      0    0eng d</controlfield><controlfield tag="009">3781</controlfield><datafield ind1=" " ind2=" " tag="010"><subfield code="a">sn 83031492 </subfield></datafield><datafield ind1=" " ind2=" " tag="040"><subfield code="a">NPU</subfield><subfield code="b">eng</subfield><subfield code="c">NPU</subfield><subfield code="d">NYG</subfield><subfield code="d">NPX</subfield><subfield code="d">NYS</subfield><subfield code="d">OCL</subfield><subfield code="d">OCLCF</subfield><subfield code="d">OCLCO</subfield></datafield><datafield ind1="1" ind2=" " tag="029"><subfield code="a">AU@</subfield><subfield code="b">000020127631</subfield></datafield><datafield ind1=" " ind2=" " tag="042"><subfield code="a">msc</subfield></datafield><datafield ind1="0" ind2="0" tag="245"><subfield code="a">Oswego daily commercial times.</subfield></datafield><datafield ind1="0" ind2="3" tag="246"><subfield code="a">Oswego daily times</subfield></datafield><datafield ind1="0" ind2="3" tag="246"><subfield code="a">Daily times</subfield></datafield><datafield ind1=" " ind2=" " tag="260"><subfield code="a">Oswego, [N.Y.] :</subfield><subfield code="b">James N. Brown,</subfield><subfield code="c">1849-1852.</subfield></datafield><datafield ind1=" " ind2=" " tag="300"><subfield code="a">4 v.</subfield></datafield><datafield ind1=" " ind2=" " tag="310"><subfield code="a">Daily (except Sunday)</subfield></datafield><datafield ind1="0" ind2=" " tag="362"><subfield code="a">Vol. 2, no. 180 (Jan. 30, 1849)-v. 5, no. 300 (June 21, 1852).</subfield></datafield><datafield ind1=" " ind2="0" tag="651"><subfield code="a">Oswego (N.Y.)</subfield><subfield code="v">Newspapers.</subfield></datafield><datafield ind1=" " ind2="0" tag="651"><subfield code="a">Oswego County (N.Y.)</subfield><subfield code="v">Newspapers.</subfield></datafield><datafield ind1=" " ind2="7" tag="655"><subfield code="a">Newspapers.</subfield><subfield code="2">fast</subfield><subfield code="0">(OCoLC)fst01423814</subfield></datafield><datafield ind1=" " ind2="7" tag="651"><subfield code="a">New York (State)</subfield><subfield code="z">Oswego.</subfield><subfield code="2">fast</subfield><subfield code="0">(OCoLC)fst01212851</subfield></datafield><datafield ind1=" " ind2="7" tag="651"><subfield code="a">New York (State)</subfield><subfield code="z">Oswego County.</subfield><subfield code="2">fast</subfield><subfield code="0">(OCoLC)fst01208853</subfield></datafield><datafield ind1=" " ind2=" " tag="752"><subfield code="a">United States</subfield><subfield code="b">New York</subfield><subfield code="c">Oswego</subfield><subfield code="d">Oswego.</subfield></datafield><datafield ind1="0" ind2=" " tag="775"><subfield code="t">Oswego weekly commercial times</subfield><subfield code="w">(DLC)sn 93063630</subfield><subfield code="w">(OCoLC)28360673</subfield></datafield><datafield ind1="0" ind2="0" tag="780"><subfield code="t">Daily Oswego commercial times</subfield><subfield code="w">(DLC)sn 83031491</subfield><subfield code="w">(OCoLC)9887193</subfield></datafield><datafield ind1="0" ind2="0" tag="785"><subfield code="t">Oswego daily times (Oswego, N.Y. : 1852)</subfield><subfield code="w">(DLC)sn 85026919</subfield><subfield code="w">(OCoLC)12738712</subfield></datafield></record>